@BOOK{Drahansky,
  publisher =     "M. Drahanský",
  isbn =          "978-80-254-8979-6",
  year =          "2011",
  title =         "Biometrie",
  edition =       "1. vyd.",
  language =      "cze",
  address =       "Brno",
  author =        "Drahanský, Martin",
  keywords =      "biometrie bi; antropometrie; biometrická identifikace",
}

@Article{Henry,
  author =        "E. Henry",
  title =         "CLASSIFICATION AND USES OF FINGER PRINTS",
  year =          "1900",
  address =       "London",
  publisher =     "Routledge",
}

@Website{sciencing,
  author =        "Wayne Shirey",
  title =         "Classes of Fingerprints",
  howpublished =  "online",
  url =           "https://sciencing.com/classes-fingerprints-8698501.html",
  year =          "2017",
  cited =         "2019-10-12"
}

@Article{Libert,
  author =        "John M. Libert and Shahram Orandi and John D. Grantham",
  title =         "Comparison of the WSQ and JPEG2000 Image Compression Algorithms On 500ppi Fingerprint Imagery",
  year =          "2012",
  pages =         "56",
  publisher =     "NIST",
  doi =           "10.6028/NIST.IR.7781"
}

@BOOK{FingerprintSrcBook,
  title =         "The fingerprint sourcebook",
  author =        "Eric H. Holder and Laurie O. Robinson and John H. Laub",
  year =          "2014",
  pages =         "428",
  isbn =          "978-1502828422",
}

@BOOK{Handbook,
  title =         "Handbook of Fingerprint Recognition",
  author =        "D. Maltoni and D. Maio and A.K. Jain and S. Prabhakar",
  year =          "2009",
  publisher =     "Springer",
  pages =         "512",
  isbn =          "978-1-8488-2254-2",
}

@INPROCEEDINGS{Bradley,
  author =          {J. N. {Bradley} and C. M. {Brislawn}},
  booktitle =       {Proceedings of IEEE International Symposium on Circuits and Systems - ISCAS '94},
  title =           {The wavelet/scalar quantization compression standard for digital fingerprint images},
  year =            {1994},
  volume =          {3},
  pages =           {205--208},
  organization =    {IEEE},
  month =           {May},
}

@article{Hong,
  author =          {Lin Hong and Yifei Wan and Jain, A},
  title =           {Fingerprint image enhancement: algorithm and performance evaluation},
  issn =            {0162-8828},
  journal =         {IEEE Transactions on Pattern Analysis and Machine Intelligence},
  pages =           {777--789},
  volume =          {20},
  publisher =       {IEEE},
  number =          {8},
  year =            {1998},
  language =        {eng},
}

@inproceedings{jain2006pores,
  author =          {Jain, Anil and Chen, Yi and Demirkus, Meltem},
  title =           {Pores and ridges: Fingerprint matching using level 3 features},
  booktitle =       {18th International Conference on Pattern Recognition (ICPR'06)},
  volume =          {4},
  pages =           {477--480},
  year =            {2006},
  organization =    {IEEE}
}

@inproceedings{StoszAlyea,
  author =        {Jonathan D. Stosz and Lisa A. Alyea},
  title =         {{Automated system for fingerprint authentication using pores and ridge structure}},
  volume =        {2277},
  booktitle =     {Automatic Systems for the Identification and Inspection of Humans},
  editor =        {Richard J. Mammone and J. David Murley Jr.},
  organization =  {International Society for Optics and Photonics},
  publisher =     {SPIE},
  pages =         {210 -- 223},
  year =          {1994},
  doi =           {10.1117/12.191885},
  URL =           {https://doi.org/10.1117/12.191885}
}

@book{freinkel2001skin,
  title =         {The biology of the skin},
  author =        {Ruth K Freinkel and David T Woodley},
  year =          {2001},
  publisher =     {CRC Press}
}

@book{slack2012biology,
  title =         {Essential developmental biology},
  author =        {Jonathan MW Slack},
  year =          {2012},
  publisher =     {John Wiley \& Sons}
}

@article{koster2009epidermis,
  author =        {Maranke I. Koster},
  title =         {Making an Epidermis},
  journal =       {Annals of the New York Academy of Sciences},
  volume =        {1170},
  number =        {1},
  pages =         {7-10},
  doi =           {10.1111/j.1749-6632.2009.04363.x},
  year =          {2009}
}

@misc{droual_dermis,
  author       = {Robert Droual},
  title        = {Chapter 4 - Integumentary System},
  howpublished = {online},
  url          = {http://droualb.faculty.mjc.edu/Lecture%20Notes/Unit%201/Integumentary%20with%20figures.htm},
  cited        = {18-06-2020}
}

@misc{smartphone_sensors,
  author       = {Robert Triggs},
  title        = {How fingerprint scanners work: optical, capacitive, and ultrasonic variants explained},
  url          = {https://www.androidauthority.com/how-fingerprint-scanners-work-670934},
  howpublished = {online},
  year         = {2019}
}

@inproceedings{tang2015pmut,
  title={Pulse-echo ultrasonic fingerprint sensor on a chip},
  author={Tang, H and Lu, Y and Fung, S and Tsai, JM and Daneman, M and Horsley, DA and Boser, BE},
  booktitle={2015 Transducers-2015 18th International Conference on Solid-State Sensors, Actuators and Microsystems (TRANSDUCERS)},
  pages={674--677},
  year={2015},
  organization={IEEE}
}

@inproceedings{savoia2010cmut,
  title={Design and fabrication of a cMUT probe for ultrasound imaging of fingerprints},
  author={Savoia, A and Caliano, G and Iulat, A and Longo, C and Caronti, A and Carotenuto, R and Pappalardo, M},
  booktitle={2010 IEEE International Ultrasonics Symposium},
  pages={1877--1880},
  year={2010},
  organization={IEEE}
}

@article{bansal2011minutiae,
  title =         {Minutiae extraction from fingerprint images-a review},
  author =        {Bansal, Roli and Sehgal, Priti and Bedi, Punam},
  journal =       {International Journal of Computer Science Issues},
  volume =        {8},
  issue =         {5},
  number =        {3},
  year =          {2011}
}

@article{amengual1997minutiae_extraction,
  title={Real-time minutiae extraction in fingerprint images},
  author={Amengual, JC and Juan, A and P{\'e}rez, JC and Prat, F and S{\'a}ez, S and Vilar, JM},
  journal = {IET Conference Proceedings},
  year={1997},
  month = {January},
  pages = {871-875},
  publisher ={Institution of Engineering and Technology},
}

@article{maio1997ridge_following,
  title={Direct gray-scale minutiae detection in fingerprints},
  author={Maio, Dario and Maltoni, Davide},
  journal={IEEE transactions on pattern analysis and machine intelligence},
  volume={19},
  number={1},
  pages={27--40},
  year={1997},
  publisher={IEEE}
}

@article{ZhangSuen_thinning,
  author = {Zhang, T. Y. and Suen, C. Y.},
  title = {A Fast Parallel Algorithm for Thinning Digital Patterns},
  year = {1984},
  publisher = {Association for Computing Machinery},
  address = {New York, NY, USA},
  volume = {27},
  number = {3},
  issn = {0001-0782},
  doi = {10.1145/357994.358023},
  journal = {Commun. ACM},
  month = {March},
  pages = {236–239},
  numpages = {4},
}

@article{iwasokun2014singularities,
  author = {Iwasokun, Gabriel and Akinyokun, Oluwole},
  year = {2014},
  month = {10},
  pages = {259-272},
  title = {Fingerprint Singular Point Detection Based on Modified Poincare Index Method},
  volume = {7},
  journal = {International Journal of Signal Processing, Image Processing and Pattern Recognition},
  doi = {10.14257/ijsip.2014.7.5.23}
}

% // TODO zistit, ak sa da, autora sem
@MISC{WSQSpecification,
  author =        "{Federal Bureau of Investigation}",
  title =         "WSQ GRAY-SCALE FINGERPRINT IMAGE COMPRESSION SPECIFICATION",
  howpublished =  "online",
  url =           "https://www.fbibiospecs.cjis.gov/Document/Get?fileName=WSQ_Gray-scale_Specification_Version_3_1_Final.pdf",
  year =          "2010",
  version =       "3.1",
  cited =         "2019-10-13"
}
